@article{Britto:2004ap,
    author = "Britto, Ruth and Cachazo, Freddy and Feng, Bo",
    title = "{New recursion relations for tree amplitudes of gluons}",
    eprint = "hep-th/0412308",
    archivePrefix = "arXiv",
    doi = "10.1016/j.nuclphysb.2005.02.030",
    journal = "Nucl. Phys. B",
    volume = "715",
    pages = "499--522",
    year = "2005"
},
@article{Witten:2003nn,
    author = "Witten, Edward",
    title = "{Perturbative gauge theory as a string theory in twistor space}",
    eprint = "hep-th/0312171",
    archivePrefix = "arXiv",
    doi = "10.1007/s00220-004-1187-3",
    journal = "Commun. Math. Phys.",
    volume = "252",
    pages = "189--258",
    year = "2004"
},
@article{Britto:2005fq,
    author = "Britto, Ruth and Cachazo, Freddy and Feng, Bo and Witten, Edward",
    title = "{Direct proof of tree-level recursion relation in Yang-Mills theory}",
    eprint = "hep-th/0501052",
    archivePrefix = "arXiv",
    doi = "10.1103/PhysRevLett.94.181602",
    journal = "Phys. Rev. Lett.",
    volume = "94",
    pages = "181602",
    year = "2005"
},
@article{Drummond:2008vq,
    author = "Drummond, J. M. and Henn, J. and Korchemsky, G. P. and Sokatchev, E.",
    title = "{Dual superconformal symmetry of scattering amplitudes in N=4 super-Yang-Mills theory}",
    eprint = "0807.1095",
    archivePrefix = "arXiv",
    primaryClass = "hep-th",
    reportNumber = "LAPTH-1257-08, LPT-ORSAY-08-60",
    doi = "10.1016/j.nuclphysb.2009.11.022",
    journal = "Nucl. Phys. B",
    volume = "828",
    pages = "317--374",
    year = "2010"
},
@article{Arkani-Hamed:2001kyx,
    author = "Arkani-Hamed, Nima and Cohen, Andrew G. and Georgi, Howard",
    title = "{(De)constructing dimensions}",
    eprint = "hep-th/0104005",
    archivePrefix = "arXiv",
    reportNumber = "HUTP-01-A015, BUHEP-01-05, LBNL-47676, UCB-PTH-01-11",
    doi = "10.1103/PhysRevLett.86.4757",
    journal = "Phys. Rev. Lett.",
    volume = "86",
    pages = "4757--4761",
    year = "2001"
},
@article{SekharChivukula:2019yul,
    author = "Sekhar Chivukula, R. and Foren, Dennis and Mohan, Kirtimaan A. and Sengupta, Dipan and Simmons, Elizabeth H.",
    title = "{Scattering amplitudes of massive spin-2 Kaluza-Klein states grow only as ${\cal O}(s)$}",
    eprint = "1906.11098",
    archivePrefix = "arXiv",
    primaryClass = "hep-ph",
    doi = "10.1103/PhysRevD.101.055013",
    journal = "Phys. Rev. D",
    volume = "101",
    number = "5",
    pages = "055013",
    year = "2020"
},
@article{Elvang:2013cua,
    author = "Elvang, Henriette and Huang, Yu-tin",
    title = "{Scattering Amplitudes}",
    eprint = "1308.1697",
    archivePrefix = "arXiv",
    primaryClass = "hep-th",
    month = "8",
    year = "2013"
},
@article{DelDuca:1999rs,
    author = "Del Duca, Vittorio and Dixon, Lance J. and Maltoni, Fabio",
    title = "{New color decompositions for gauge amplitudes at tree and loop level}",
    eprint = "hep-ph/9910563",
    archivePrefix = "arXiv",
    reportNumber = "SLAC-PUB-8294, DFTT-53-99",
    doi = "10.1016/S0550-3213(99)00809-3",
    journal = "Nucl. Phys. B",
    volume = "571",
    pages = "51--70",
    year = "2000"
},
@article{Arkani-Hamed:2008bsc,
    author = "Arkani-Hamed, Nima and Kaplan, Jared",
    title = "{On Tree Amplitudes in Gauge Theory and Gravity}",
    eprint = "0801.2385",
    archivePrefix = "arXiv",
    primaryClass = "hep-th",
    doi = "10.1088/1126-6708/2008/04/076",
    journal = "JHEP",
    volume = "04",
    pages = "076",
    year = "2008"
},
@article{Feng:2011np,
    author = "Feng, Bo and Luo, Mingxing",
    title = "{An Introduction to On-shell Recursion Relations}",
    eprint = "1111.5759",
    archivePrefix = "arXiv",
    primaryClass = "hep-th",
    doi = "10.1007/s11467-012-0270-z",
    journal = "Front. Phys. (Beijing)",
    volume = "7",
    pages = "533--575",
    year = "2012"
}