
@article{sample,
  author = {Einstein, Albert},
  title = {Does the Inertia of a Body Depend Upon Its Energy Content?},
  journal = {Annalen der Physik},
  volume = {18},
  number = {13},
  year = {1905},
  pages = {639-641}
}
